@unpublished{Jean-Luc:841493,
      author        = "Jean-Luc Caron",
      title         = "{CERN Accelerator Complex (operating and approved
                       projets).. Chaine des accelerateurs du CERN (en
                       fonctionnement et avec les projets aprouves).}",
      month         = "Jun",
      year          = "1991",
      reportNumber  = "LHC-PHO-1991-001",
      url           = "http://cds.cern.ch/record/841493",
      note          = "AC Collection. Legacy of AC. Pictures from 1992 to 2002.",
}

@article{Glauber:1955qq,
      author         = "Glauber, R. J.",
      title          = "{Cross-sections in deuterium at high-energies}",
      journal        = "Phys. Rev.",
      volume         = "100",
      year           = "1955",
      pages          = "242-248",
      doi            = "10.1103/PhysRev.100.242",
      SLACcitation   = "%%CITATION = PHRVA,100,242;%%"
}

@article{HanburyBrown:1956bqd,
      author         = "Hanbury Brown, R. and Twiss, R. Q.",
      title          = "{A Test of a new type of stellar interferometer on
                        Sirius}",
      journal        = "Nature",
      volume         = "178",
      year           = "1956",
      pages          = "1046-1048",
      doi            = "10.1038/1781046a0",
      SLACcitation   = "%%CITATION = NATUA,178,1046;%%"
}

@article{Berger:1974vn,
      author         = "Berger, Edmond L.",
      title          = "{Rapidity Correlations at Fixed Multiplicity in Cluster
                        Emission Models}",
      journal        = "Nucl. Phys.",
      volume         = "B85",
      year           = "1975",
      pages          = "61-101",
      doi            = "10.1016/0550-3213(75)90557-X",
      reportNumber   = "CERN/D.Ph.II/PHYS 74-17, CERN-TH-1800",
      SLACcitation   = "%%CITATION = NUPHA,B85,61;%%"
}

@article{Uhlig:1977dc,
      author         = "Uhlig, S. and Derado, I. and Meinke, R. and Preissner,
                        H.",
      title          = "{Observation of Charged Particle Correlations Between the
                        Forward and Backward Hemispheres in $p p$ Collisions at
                        ISR Energies}",
      journal        = "Nucl. Phys.",
      volume         = "B132",
      year           = "1978",
      pages          = "15-28",
      doi            = "10.1016/0550-3213(78)90254-7",
      reportNumber   = "MPI-PAE/Exp-El-66",
      SLACcitation   = "%%CITATION = NUPHA,B132,15;%%"
}

@article{Ansorge:1988fg,
      author         = "Ansorge, R. E. and others",
      title          = "{Charged Particle Correlations in $\bar{P} P$ Collisions
                        at c.m. Energies of 200-{GeV}, 546-{GeV} and 900-{GeV}}",
      collaboration  = "UA5",
      journal        = "Z. Phys.",
      volume         = "C37",
      year           = "1988",
      pages          = "191-213",
      doi            = "10.1007/BF01579906",
      SLACcitation   = "%%CITATION = ZEPYA,C37,191;%%"
}

@article{Braunschweig:1989bp,
      author         = "Braunschweig, W. and others",
      title          = "{Charged Multiplicity Distributions and Correlations in
                        e+ e- Annihilation at PETRA Energies}",
      collaboration  = "TASSO",
      journal        = "Z. Phys.",
      volume         = "C45",
      year           = "1989",
      pages          = "193",
      doi            = "10.1007/BF01674450",
      reportNumber   = "DESY-89-038",
      SLACcitation   = "%%CITATION = ZEPYA,C45,193;%%"
}

@article{Gyulassy:1994ew,
      author         = "Gyulassy, Miklos and Wang, Xin-Nian",
      title          = "{HIJING 1.0: A Monte Carlo program for parton and
                        particle production in high-energy hadronic and nuclear
                        collisions}",
      journal        = "Comput. Phys. Commun.",
      volume         = "83",
      year           = "1994",
      pages          = "307",
      doi            = "10.1016/0010-4655(94)90057-4",
      eprint         = "nucl-th/9502021",
      archivePrefix  = "arXiv",
      primaryClass   = "nucl-th",
      reportNumber   = "LBL-34246",
      SLACcitation   = "%%CITATION = NUCL-TH/9502021;%%"
}

@article{Alexopoulos:1995ft,
      author         = "Alexopoulos, T. and others",
      title          = "{Charged particle multiplicity correlations in $p\bar{p}$
                        collisions at $\sqrt{s}$ = 0.3-TeV to 1.8-TeV}",
      collaboration  = "E735",
      journal        = "Phys. Lett.",
      volume         = "B353",
      year           = "1995",
      pages          = "155-160",
      doi            = "10.1016/0370-2693(95)00554-X",
      reportNumber   = "FERMILAB-PUB-95-136-E",
      SLACcitation   = "%%CITATION = PHLTA,B353,155;%%"
}

@inproceedings{Gupta:1997nd,
      author         = "Gupta, Rajan",
      title          = "{Introduction to lattice QCD: Course}",
      booktitle      = "{Probing the standard model of particle interactions.
                        Proceedings, Summer School in Theoretical Physics, NATO
                        Advanced Study Institute, 68th session, Les Houches,
                        France, July 28-September 5, 1997. Pt. 1, 2}",
      year           = "1997",
      pages          = "83-219",
      eprint         = "hep-lat/9807028",
      archivePrefix  = "arXiv",
      primaryClass   = "hep-lat",
      reportNumber   = "LA-UR-98-3271",
      SLACcitation   = "%%CITATION = HEP-LAT/9807028;%%"
}

@article{Bass:2000az,
      author         = "Bass, Steffen A. and Danielewicz, Pawel and Pratt, Scott",
      title          = "{Clocking hadronization in relativistic heavy ion
                        collisions with balance functions}",
      journal        = "Phys. Rev. Lett.",
      volume         = "85",
      year           = "2000",
      pages          = "2689-2692",
      doi            = "10.1103/PhysRevLett.85.2689",
      eprint         = "nucl-th/0005044",
      archivePrefix  = "arXiv",
      primaryClass   = "nucl-th",
      SLACcitation   = "%%CITATION = NUCL-TH/0005044;%%"
}

@article{Borghini:2000sa,
      author         = "Borghini, Nicolas and Dinh, Phuong Mai and Ollitrault,
                        Jean-Yves",
      title          = "{A New method for measuring azimuthal distributions in
                        nucleus-nucleus collisions}",
      journal        = "Phys. Rev.",
      volume         = "C63",
      year           = "2001",
      pages          = "054906",
      doi            = "10.1103/PhysRevC.63.054906",
      eprint         = "nucl-th/0007063",
      archivePrefix  = "arXiv",
      primaryClass   = "nucl-th",
      reportNumber   = "SACLAY-SPH-T-00-110",
      SLACcitation   = "%%CITATION = NUCL-TH/0007063;%%"
}

@article{Borghini:2002mv,
      author         = "Borghini, N. and Dinh, P. M. and Ollitrault, Jean-Yves
                        and Poskanzer, Arthur M. and Voloshin, S. A.",
      title          = "{Effects of momentum conservation on the analysis of
                        anisotropic flow}",
      journal        = "Phys. Rev.",
      volume         = "C66",
      year           = "2002",
      pages          = "014901",
      doi            = "10.1103/PhysRevC.66.014901",
      eprint         = "nucl-th/0202013",
      archivePrefix  = "arXiv",
      primaryClass   = "nucl-th",
      reportNumber   = "ULB-TH-02-03, SACLAY-T02-014",
      SLACcitation   = "%%CITATION = NUCL-TH/0202013;%%"
}

@article{Kharzeev:2002ei,
      author         = "Kharzeev, Dmitri and Levin, Eugene and Nardi, Marzia",
      title          = "{QCD saturation and deuteron nucleus collisions}",
      journal        = "Nucl. Phys.",
      volume         = "A730",
      year           = "2004",
      pages          = "448-459",
      doi            = "10.1016/j.nuclphysa.2004.06.022,
                        10.1016/j.nuclphysa.2003.08.031",
      note           = "[Erratum: Nucl. Phys.A743,329(2004)]",
      eprint         = "hep-ph/0212316",
      archivePrefix  = "arXiv",
      primaryClass   = "hep-ph",
      reportNumber   = "BNL-NT-02-30",
      SLACcitation   = "%%CITATION = HEP-PH/0212316;%%"
}

@article{Adams:2003kg,
      author         = "Adams, J. and others",
      title          = "{Narrowing of the balance function with centrality in au
                        + au collisions at (S(NN))**1/2 = 130-GeV}",
      collaboration  = "STAR",
      journal        = "Phys. Rev. Lett.",
      volume         = "90",
      year           = "2003",
      pages          = "172301",
      doi            = "10.1103/PhysRevLett.90.172301",
      eprint         = "nucl-ex/0301014",
      archivePrefix  = "arXiv",
      primaryClass   = "nucl-ex",
      SLACcitation   = "%%CITATION = NUCL-EX/0301014;%%"
}

@article{Jeon:2003gk,
      author         = "Jeon, Sangyong and Koch, Volker",
      title          = "{Event by event fluctuations}",
      year           = "2003",
      pages          = "430-490",
      eprint         = "hep-ph/0304012",
      archivePrefix  = "arXiv",
      primaryClass   = "hep-ph",
      SLACcitation   = "%%CITATION = HEP-PH/0304012;%%"
}

@article{Lin:2004en,
      author         = "Lin, Zi-Wei and Ko, Che Ming and Li, Bao-An and Zhang,
                        Bin and Pal, Subrata",
      title          = "{A Multi-phase transport model for relativistic heavy ion
                        collisions}",
      journal        = "Phys. Rev.",
      volume         = "C72",
      year           = "2005",
      pages          = "064901",
      doi            = "10.1103/PhysRevC.72.064901",
      eprint         = "nucl-th/0411110",
      archivePrefix  = "arXiv",
      primaryClass   = "nucl-th",
      SLACcitation   = "%%CITATION = NUCL-TH/0411110;%%"
}

@article{Campabadal:2005rj,
      author         = "Campabadal, F. and others",
      title          = "{Design and performance of the ABCD3TA ASIC for readout
                        of silicon strip detectors in the ATLAS semiconductor
                        tracker}",
      journal        = "Nucl. Instrum. Meth.",
      volume         = "A552",
      year           = "2005",
      pages          = "292-328",
      doi            = "10.1016/j.nima.2005.07.002",
      SLACcitation   = "%%CITATION = NUIMA,A552,292;%%"
}

@article{Lisa:2005dd,
      author         = "Lisa, Michael Annan and Pratt, Scott and Soltz, Ron and
                        Wiedemann, Urs",
      title          = "{Femtoscopy in relativistic heavy ion collisions}",
      journal        = "Ann. Rev. Nucl. Part. Sci.",
      volume         = "55",
      year           = "2005",
      pages          = "357-402",
      doi            = "10.1146/annurev.nucl.55.090704.151533",
      eprint         = "nucl-ex/0505014",
      archivePrefix  = "arXiv",
      primaryClass   = "nucl-ex",
      SLACcitation   = "%%CITATION = NUCL-EX/0505014;%%"
}

@article{Afanasiev:2007tv,
      author         = "Afanasiev, S. and others",
      title          = "{Elliptic flow for phi mesons and (anti)deuterons in Au +
                        Au collisions at s(NN)**(1/2) = 200-GeV}",
      collaboration  = "PHENIX",
      journal        = "Phys. Rev. Lett.",
      volume         = "99",
      year           = "2007",
      pages          = "052301",
      doi            = "10.1103/PhysRevLett.99.052301",
      eprint         = "nucl-ex/0703024",
      archivePrefix  = "arXiv",
      primaryClass   = "NUCL-EX",
      SLACcitation   = "%%CITATION = NUCL-EX/0703024;%%"
}

@article{Ahmad:2007zza,
      author         = "Ahmad, A. and others",
      title          = "{The Silicon microstrip sensors of the ATLAS
                        semiconductor tracker}",
      journal        = "Nucl. Instrum. Meth.",
      volume         = "A578",
      year           = "2007",
      pages          = "98-118",
      doi            = "10.1016/j.nima.2007.04.157",
      SLACcitation   = "%%CITATION = NUIMA,A578,98;%%"
}

@article{ATLAS:2007aa,
      title          = "{Zero degree calorimeters for ATLAS}",
      collaboration  = "ATLAS",
      year           = "2007",
      reportNumber   = "CERN-LHCC-2007-01",
      SLACcitation   = "%%CITATION = CERN-LHCC-2007-01;%%"
}

@article{Miller:2007ri,
      author         = "Miller, Michael L. and Reygers, Klaus and Sanders,
                        Stephen J. and Steinberg, Peter",
      title          = "{Glauber modeling in high energy nuclear collisions}",
      journal        = "Ann. Rev. Nucl. Part. Sci.",
      volume         = "57",
      year           = "2007",
      pages          = "205-243",
      doi            = "10.1146/annurev.nucl.57.090506.123020",
      eprint         = "nucl-ex/0701025",
      archivePrefix  = "arXiv",
      primaryClass   = "nucl-ex",
      SLACcitation   = "%%CITATION = NUCL-EX/0701025;%%"
}

@article{Sjostrand:2007gs,
      author         = "Sjostrand, Torbjorn and Mrenna, Stephen and Skands, Peter
                        Z.",
      title          = "{A Brief Introduction to PYTHIA 8.1}",
      journal        = "Comput. Phys. Commun.",
      volume         = "178",
      year           = "2008",
      pages          = "852-867",
      doi            = "10.1016/j.cpc.2008.01.036",
      eprint         = "0710.3820",
      archivePrefix  = "arXiv",
      primaryClass   = "hep-ph",
      reportNumber   = "CERN-LCGAPP-2007-04, LU-TP-07-28,
                        FERMILAB-PUB-07-512-CD-T",
      SLACcitation   = "%%CITATION = ARXIV:0710.3820;%%"
}

@article{Steinberg:2007fg,
      author         = "Steinberg, Peter",
      title          = "{Inclusive pseudorapidity distributions in p(d) + A
                        collisions modeled with shifted rapidity distributions}",
      journal        = "Submitted to: Phys. Lett. B",
      year           = "2007",
      eprint         = "nucl-ex/0703002",
      archivePrefix  = "arXiv",
      primaryClass   = "NUCL-EX",
      SLACcitation   = "%%CITATION = NUCL-EX/0703002;%%"
}

@article{Voloshin:2007pc,
      author         = "Voloshin, Sergei A. and Poskanzer, Arthur M. and Tang,
                        Aihong and Wang, Gang",
      title          = "{Elliptic flow in the Gaussian model of eccentricity
                        fluctuations}",
      journal        = "Phys. Lett.",
      volume         = "B659",
      year           = "2008",
      pages          = "537-541",
      doi            = "10.1016/j.physletb.2007.11.043",
      eprint         = "0708.0800",
      archivePrefix  = "arXiv",
      primaryClass   = "nucl-th",
      SLACcitation   = "%%CITATION = ARXIV:0708.0800;%%"
}

@article{Aad:2008zz,
      author         = "Aad, G. and others",
      title          = "{ATLAS pixel detector electronics and sensors}",
      journal        = "JINST",
      volume         = "3",
      year           = "2008",
      pages          = "P07007",
      doi            = "10.1088/1748-0221/3/07/P07007",
      SLACcitation   = "%%CITATION = JINST,3,P07007;%%"
}

@article{Aad:2008zzm,
      author         = "Aad, G. and others",
      title          = "{The ATLAS Experiment at the CERN Large Hadron Collider}",
      collaboration  = "ATLAS",
      journal        = "JINST",
      volume         = "3",
      year           = "2008",
      pages          = "S08003",
      doi            = "10.1088/1748-0221/3/08/S08003",
      SLACcitation   = "%%CITATION = JINST,3,S08003;%%"
}

@article{Abat:2008zza,
      author         = "Abat, E. and others",
      title          = "{The ATLAS Transition Radiation Tracker (TRT)
                        proportional drift tube: Design and performance}",
      collaboration  = "ATLAS TRT",
      journal        = "JINST",
      volume         = "3",
      year           = "2008",
      pages          = "P02013",
      doi            = "10.1088/1748-0221/3/02/P02013",
      SLACcitation   = "%%CITATION = JINST,3,P02013;%%"
}

@article{Adare:2008ae,
      author         = "Adare, A. and others",
      title          = "{Dihadron azimuthal correlations in Au+Au collisions at
                        s(NN)**(1/2) = 200-GeV}",
      collaboration  = "PHENIX",
      journal        = "Phys. Rev.",
      volume         = "C78",
      year           = "2008",
      pages          = "014901",
      doi            = "10.1103/PhysRevC.78.014901",
      eprint         = "0801.4545",
      archivePrefix  = "arXiv",
      primaryClass   = "nucl-ex",
      SLACcitation   = "%%CITATION = ARXIV:0801.4545;%%"
}

@article{Alver:2008zza,
      author         = "Alver, B. and others",
      title          = "{Importance of correlations and fluctuations on the
                        initial source eccentricity in high-energy nucleus-nucleus
                        collisions}",
      collaboration  = "PHOBOS",
      journal        = "Phys. Rev.",
      volume         = "C77",
      year           = "2008",
      pages          = "014906",
      doi            = "10.1103/PhysRevC.77.014906",
      eprint         = "0711.3724",
      archivePrefix  = "arXiv",
      primaryClass   = "nucl-ex",
      SLACcitation   = "%%CITATION = ARXIV:0711.3724;%%"
}

@article{Artamonov:2008zz,
      author         = "Artamonov, A. and others",
      title          = "{The ATLAS forward calorimeters}",
      journal        = "JINST",
      volume         = "3",
      year           = "2008",
      pages          = "P02010",
      doi            = "10.1088/1748-0221/3/02/P02010",
      SLACcitation   = "%%CITATION = JINST,3,P02010;%%"
}

@article{Evans:2008zzb,
      author         = "Evans, Lyndon and Bryant, Philip",
      title          = "{LHC Machine}",
      journal        = "JINST",
      volume         = "3",
      year           = "2008",
      pages          = "S08001",
      doi            = "10.1088/1748-0221/3/08/S08001",
      SLACcitation   = "%%CITATION = JINST,3,S08001;%%"
}

@article{Fries:2008hs,
      author         = "Fries, Rainer J. and Greco, Vincenzo and Sorensen, Paul",
      title          = "{Coalescence Models For Hadron Formation From Quark Gluon
                        Plasma}",
      journal        = "Ann. Rev. Nucl. Part. Sci.",
      volume         = "58",
      year           = "2008",
      pages          = "177-205",
      doi            = "10.1146/annurev.nucl.58.110707.171134",
      eprint         = "0807.4939",
      archivePrefix  = "arXiv",
      primaryClass   = "nucl-th",
      SLACcitation   = "%%CITATION = ARXIV:0807.4939;%%"
}

@article{Stephanov:2008qz,
      author         = "Stephanov, M. A.",
      title          = "{Non-Gaussian fluctuations near the QCD critical point}",
      journal        = "Phys. Rev. Lett.",
      volume         = "102",
      year           = "2009",
      pages          = "032301",
      doi            = "10.1103/PhysRevLett.102.032301",
      eprint         = "0809.3450",
      archivePrefix  = "arXiv",
      primaryClass   = "hep-ph",
      SLACcitation   = "%%CITATION = ARXIV:0809.3450;%%"
}

@article{Abelev:2009af,
      author         = "Abelev, B. I. and others",
      title          = "{Long range rapidity correlations and jet production in
                        high energy nuclear collisions}",
      collaboration  = "STAR",
      journal        = "Phys. Rev.",
      volume         = "C80",
      year           = "2009",
      pages          = "064912",
      doi            = "10.1103/PhysRevC.80.064912",
      eprint         = "0909.0191",
      archivePrefix  = "arXiv",
      primaryClass   = "nucl-ex",
      SLACcitation   = "%%CITATION = ARXIV:0909.0191;%%"
}

@article{Abelev:2009ag,
      author         = "Abelev, B. I. and others",
      title          = "{Growth of Long Range Forward-Backward Multiplicity
                        Correlations with Centrality in Au+Au Collisions at
                        s(NN)**(1/2) = 200-GeV}",
      collaboration  = "STAR",
      journal        = "Phys. Rev. Lett.",
      volume         = "103",
      year           = "2009",
      pages          = "172301",
      doi            = "10.1103/PhysRevLett.103.172301",
      eprint         = "0905.0237",
      archivePrefix  = "arXiv",
      primaryClass   = "nucl-ex",
      SLACcitation   = "%%CITATION = ARXIV:0905.0237;%%"
}

@article{Adare:2009qk,
      author         = "Adare, A. and others",
      title          = "{Detailed measurement of the $e^+ e^-$ pair continuum in
                        $p+p$ and Au+Au collisions at $\sqrt{s_{NN}} = 200$ GeV
                        and implications for direct photon production}",
      collaboration  = "PHENIX",
      journal        = "Phys. Rev.",
      volume         = "C81",
      year           = "2010",
      pages          = "034911",
      doi            = "10.1103/PhysRevC.81.034911",
      eprint         = "0912.0244",
      archivePrefix  = "arXiv",
      primaryClass   = "nucl-ex",
      SLACcitation   = "%%CITATION = ARXIV:0912.0244;%%"
}

@phdthesis{Betz:2009jw,
      author         = "Betz, Barbara",
      title          = "{Jet Propagation and Mach-Cone Formation in
                        (3+1)-dimensional Ideal Hydrodynamics}",
      school         = "Frankfurt U., FIAS",
      year           = "2009",
      eprint         = "0910.4114",
      archivePrefix  = "arXiv",
      primaryClass   = "nucl-th",
      SLACcitation   = "%%CITATION = ARXIV:0910.4114;%%"
}

@article{dEnterria:2009xfs,
      author         = "d'Enterria, David",
      title          = "{Jet quenching}",
      journal        = "Landolt-Bornstein",
      volume         = "23",
      year           = "2010",
      pages          = "471",
      doi            = "10.1007/978-3-642-01539-7_16",
      eprint         = "0902.2011",
      archivePrefix  = "arXiv",
      primaryClass   = "nucl-ex",
      SLACcitation   = "%%CITATION = ARXIV:0902.2011;%%"
}

@article{Masera:2009zz,
      author         = "Masera, M. and Ortona, G. and Poghosyan, M. G. and Prino,
                        F.",
      title          = "{Anisotropic transverse flow introduction in Monte Carlo
                        generators for heavy ion collisions}",
      journal        = "Phys. Rev.",
      volume         = "C79",
      year           = "2009",
      pages          = "064909",
      doi            = "10.1103/PhysRevC.79.064909",
      SLACcitation   = "%%CITATION = PHRVA,C79,064909;%%"
}

@article{Aad:2010bu,
      author         = "Aad, Georges and others",
      title          = "{Observation of a Centrality-Dependent Dijet Asymmetry in
                        Lead-Lead Collisions at $\sqrt{s_{NN}}=2.77$ TeV with the
                        ATLAS Detector at the LHC}",
      collaboration  = "ATLAS",
      journal        = "Phys. Rev. Lett.",
      volume         = "105",
      year           = "2010",
      pages          = "252303",
      doi            = "10.1103/PhysRevLett.105.252303",
      eprint         = "1011.6182",
      archivePrefix  = "arXiv",
      primaryClass   = "hep-ex",
      SLACcitation   = "%%CITATION = ARXIV:1011.6182;%%"
}

@article{Aggarwal:2010wy,
      author         = "Aggarwal, M. M. and others",
      title          = "{Higher Moments of Net-proton Multiplicity Distributions
                        at RHIC}",
      collaboration  = "STAR",
      journal        = "Phys. Rev. Lett.",
      volume         = "105",
      year           = "2010",
      pages          = "022302",
      doi            = "10.1103/PhysRevLett.105.022302",
      eprint         = "1004.4959",
      archivePrefix  = "arXiv",
      primaryClass   = "nucl-ex",
      SLACcitation   = "%%CITATION = ARXIV:1004.4959;%%"
}

@article{Alver:2010gr,
      author         = "Alver, B. and Roland, G.",
      title          = "{Collision geometry fluctuations and triangular flow in
                        heavy-ion collisions}",
      journal        = "Phys. Rev.",
      volume         = "C81",
      year           = "2010",
      pages          = "054905",
      doi            = "10.1103/PhysRevC.82.039903, 10.1103/PhysRevC.81.054905",
      note           = "[Erratum: Phys. Rev.C82,039903(2010)]",
      eprint         = "1003.0194",
      archivePrefix  = "arXiv",
      primaryClass   = "nucl-th",
      SLACcitation   = "%%CITATION = ARXIV:1003.0194;%%"
}

@article{Bialas:2010zb,
      author         = "Bialas, A. and Zalewski, K.",
      title          = "{Hidden asymmetry and forward-backward correlations}",
      journal        = "Phys. Rev.",
      volume         = "C82",
      year           = "2010",
      pages          = "034911",
      doi            = "10.1103/PhysRevC.85.029903, 10.1103/PhysRevC.82.034911",
      note           = "[Erratum: Phys. Rev.C85,029903(2012)]",
      eprint         = "1008.4690",
      archivePrefix  = "arXiv",
      primaryClass   = "hep-ph",
      SLACcitation   = "%%CITATION = ARXIV:1008.4690;%%"
}

@article{Bilandzic:2010jr,
      author         = "Bilandzic, Ante and Snellings, Raimond and Voloshin,
                        Sergei",
      title          = "{Flow analysis with cumulants: Direct calculations}",
      journal        = "Phys. Rev.",
      volume         = "C83",
      year           = "2011",
      pages          = "044913",
      doi            = "10.1103/PhysRevC.83.044913",
      eprint         = "1010.0233",
      archivePrefix  = "arXiv",
      primaryClass   = "nucl-ex",
      SLACcitation   = "%%CITATION = ARXIV:1010.0233;%%"
}

@article{Bozek:2010vz,
      author         = "Bozek, Piotr and Broniowski, Wojciech and Moreira, Joao",
      title          = "{Torqued fireballs in relativistic heavy-ion collisions}",
      journal        = "Phys. Rev.",
      volume         = "C83",
      year           = "2011",
      pages          = "034911",
      doi            = "10.1103/PhysRevC.83.034911",
      eprint         = "1011.3354",
      archivePrefix  = "arXiv",
      primaryClass   = "nucl-th",
      SLACcitation   = "%%CITATION = ARXIV:1011.3354;%%"
}

@article{Teaney:2010vd,
      author         = "Teaney, Derek and Yan, Li",
      title          = "{Triangularity and Dipole Asymmetry in Heavy Ion
                        Collisions}",
      journal        = "Phys. Rev.",
      volume         = "C83",
      year           = "2011",
      pages          = "064904",
      doi            = "10.1103/PhysRevC.83.064904",
      eprint         = "1010.1876",
      archivePrefix  = "arXiv",
      primaryClass   = "nucl-th",
      SLACcitation   = "%%CITATION = ARXIV:1010.1876;%%"
}

@article{Aamodt:2011by,
      author         = "Aamodt, K. and others",
      title          = "{Harmonic decomposition of two-particle angular
                        correlations in Pb-Pb collisions at $\sqrt{s_{NN}}=$ 2.76
                        TeV}",
      collaboration  = "ALICE",
      journal        = "Phys. Lett.",
      volume         = "B708",
      year           = "2012",
      pages          = "249-264",
      doi            = "10.1016/j.physletb.2012.01.060",
      eprint         = "1109.2501",
      archivePrefix  = "arXiv",
      primaryClass   = "nucl-ex",
      reportNumber   = "CERN-PH-EP-2011-152",
      SLACcitation   = "%%CITATION = ARXIV:1109.2501;%%"
}

@article{Agakishiev:2011eq,
      author         = "Agakishiev, G. and others",
      title          = "{Energy and system-size dependence of two- and
                        four-particle $v_2$ measurements in heavy-ion collisions
                        at RHIC and their implications on flow fluctuations and
                        nonflow}",
      collaboration  = "STAR",
      journal        = "Phys. Rev.",
      volume         = "C86",
      year           = "2012",
      pages          = "014904",
      doi            = "10.1103/PhysRevC.86.014904",
      eprint         = "1111.5637",
      archivePrefix  = "arXiv",
      primaryClass   = "nucl-ex",
      SLACcitation   = "%%CITATION = ARXIV:1111.5637;%%"
}

@article{ALICE:2011ab,
      author         = "Aamodt, K. and others",
      title          = "{Higher harmonic anisotropic flow measurements of charged
                        particles in Pb-Pb collisions at $\sqrt{s_{NN}}$=2.76
                        TeV}",
      collaboration  = "ALICE",
      journal        = "Phys. Rev. Lett.",
      volume         = "107",
      year           = "2011",
      pages          = "032301",
      doi            = "10.1103/PhysRevLett.107.032301",
      eprint         = "1105.3865",
      archivePrefix  = "arXiv",
      primaryClass   = "nucl-ex",
      reportNumber   = "CERN-PH-EP-2011-073",
      SLACcitation   = "%%CITATION = ARXIV:1105.3865;%%"
}

@techreport{ATL-PHYS-PUB-2011-014,
      title         = "{Further ATLAS tunes of PYTHIA6 and Pythia 8}",
      institution   = "CERN",
      address       = "Geneva",
      number        = "ATL-PHYS-PUB-2011-014",
      month         = "Nov",
      year          = "2011",
      reportNumber  = "ATL-PHYS-PUB-2011-014",
      url           = "http://cds.cern.ch/record/1400677",
}

@article{ATLAS:2011ag,
      author         = "Aad, Georges and others",
      title          = "{Measurement of the centrality dependence of the charged
                        particle pseudorapidity distribution in lead-lead
                        collisions at $\sqrt{s_{NN}}=2.76$ TeV with the ATLAS
                        detector}",
      collaboration  = "ATLAS",
      journal        = "Phys. Lett.",
      volume         = "B710",
      year           = "2012",
      pages          = "363-382",
      doi            = "10.1016/j.physletb.2012.02.045",
      eprint         = "1108.6027",
      archivePrefix  = "arXiv",
      primaryClass   = "hep-ex",
      reportNumber   = "CERN-PH-EP-2011-118",
      SLACcitation   = "%%CITATION = ARXIV:1108.6027;%%"
}

@article{ATLAS:2011ah,
      author         = "Aad, Georges and others",
      title          = "{Measurement of the pseudorapidity and transverse
                        momentum dependence of the elliptic flow of charged
                        particles in lead-lead collisions at $\sqrt{s_{NN}}=2.76$
                        TeV with the ATLAS detector}",
      collaboration  = "ATLAS",
      journal        = "Phys. Lett.",
      volume         = "B707",
      year           = "2012",
      pages          = "330-348",
      doi            = "10.1016/j.physletb.2011.12.056",
      eprint         = "1108.6018",
      archivePrefix  = "arXiv",
      primaryClass   = "hep-ex",
      reportNumber   = "CERN-PH-EP-2011-124",
      SLACcitation   = "%%CITATION = ARXIV:1108.6018;%%"
}

@article{Bialas:2011bz,
      author         = "Bialas, A. and Bzdak, A. and Zalewski, K.",
      title          = "{Hidden Asymmetry and Long Range Rapidity Correlations}",
      journal        = "Phys. Lett.",
      volume         = "B710",
      year           = "2012",
      pages          = "332-334",
      doi            = "10.1016/j.physletb.2012.03.008",
      eprint         = "1107.1215",
      archivePrefix  = "arXiv",
      primaryClass   = "hep-ph",
      reportNumber   = "RBRC:-910",
      SLACcitation   = "%%CITATION = ARXIV:1107.1215;%%"
}

@article{Gardim:2011xv,
      author         = "Gardim, Fernando G. and Grassi, Frederique and Luzum,
                        Matthew and Ollitrault, Jean-Yves",
      title          = "{Mapping the hydrodynamic response to the initial
                        geometry in heavy-ion collisions}",
      journal        = "Phys. Rev.",
      volume         = "C85",
      year           = "2012",
      pages          = "024908",
      doi            = "10.1103/PhysRevC.85.024908",
      eprint         = "1111.6538",
      archivePrefix  = "arXiv",
      primaryClass   = "nucl-th",
      SLACcitation   = "%%CITATION = ARXIV:1111.6538;%%"
}

@article{Gupta:2011wh,
      author         = "Gupta, Sourendu and Luo, Xiaofeng and Mohanty, Bedangadas
                        and Ritter, Hans Georg and Xu, Nu",
      title          = "{Scale for the Phase Diagram of Quantum Chromodynamics}",
      journal        = "Science",
      volume         = "332",
      year           = "2011",
      pages          = "1525-1528",
      doi            = "10.1126/science.1204621",
      eprint         = "1105.3934",
      archivePrefix  = "arXiv",
      primaryClass   = "hep-ph",
      SLACcitation   = "%%CITATION = ARXIV:1105.3934;%%"
}

@article{Qiu:2011iv,
      author         = "Qiu, Zhi and Heinz, Ulrich W.",
      title          = "{Event-by-event shape and flow fluctuations of
                        relativistic heavy-ion collision fireballs}",
      journal        = "Phys. Rev.",
      volume         = "C84",
      year           = "2011",
      pages          = "024911",
      doi            = "10.1103/PhysRevC.84.024911",
      eprint         = "1104.0650",
      archivePrefix  = "arXiv",
      primaryClass   = "nucl-th",
      SLACcitation   = "%%CITATION = ARXIV:1104.0650;%%"
}

@article{ATLAS:2012as,
      author         = "Aad, Georges and others",
      title          = "{Forward-backward correlations and charged-particle
                        azimuthal distributions in pp interactions using the ATLAS
                        detector}",
      collaboration  = "ATLAS",
      journal        = "JHEP",
      volume         = "07",
      year           = "2012",
      pages          = "019",
      doi            = "10.1007/JHEP07(2012)019",
      eprint         = "1203.3100",
      archivePrefix  = "arXiv",
      primaryClass   = "hep-ex",
      reportNumber   = "CERN-PH-EP-2012-027",
      SLACcitation   = "%%CITATION = ARXIV:1203.3100;%%"
}

@article{ATLAS:2012at,
      author         = "Aad, Georges and others",
      title          = "{Measurement of the azimuthal anisotropy for charged
                        particle production in $\sqrt{s_{NN}}=2.76$ TeV lead-lead
                        collisions with the ATLAS detector}",
      collaboration  = "ATLAS",
      journal        = "Phys. Rev.",
      volume         = "C86",
      year           = "2012",
      pages          = "014907",
      doi            = "10.1103/PhysRevC.86.014907",
      eprint         = "1203.3087",
      archivePrefix  = "arXiv",
      primaryClass   = "hep-ex",
      reportNumber   = "CERN-PH-EP-2012-035",
      SLACcitation   = "%%CITATION = ARXIV:1203.3087;%%"
}

@article{Bzdak:2012tp,
      author         = "Bzdak, Adam and Teaney, Derek",
      title          = "{Longitudinal fluctuations of the fireball density in
                        heavy-ion collisions}",
      journal        = "Phys. Rev.",
      volume         = "C87",
      year           = "2013",
      number         = "2",
      pages          = "024906",
      doi            = "10.1103/PhysRevC.87.024906",
      eprint         = "1210.1965",
      archivePrefix  = "arXiv",
      primaryClass   = "nucl-th",
      reportNumber   = "RBRC-971",
      SLACcitation   = "%%CITATION = ARXIV:1210.1965;%%"
}

@book{Chaudhuri:2012yt,
      author         = "Chaudhuri, A. K.",
      title          = "{A short course on Relativistic Heavy Ion Collisions}",
      publisher      = "IOPP",
      year           = "2014",
      doi            = "10.1088/978-0-750-31060-4",
      eprint         = "1207.7028",
      archivePrefix  = "arXiv",
      primaryClass   = "nucl-th",
      ISBN           = "9780750310611, 9780750310604",
      SLACcitation   = "%%CITATION = ARXIV:1207.7028;%%"
}

@article{Gardim:2012im,
      author         = "Gardim, Fernando G. and Grassi, Frederique and Luzum,
                        Matthew and Ollitrault, Jean-Yves",
      title          = "{Breaking of factorization of two-particle correlations
                        in hydrodynamics}",
      journal        = "Phys. Rev.",
      volume         = "C87",
      year           = "2013",
      number         = "3",
      pages          = "031901",
      doi            = "10.1103/PhysRevC.87.031901",
      eprint         = "1211.0989",
      archivePrefix  = "arXiv",
      primaryClass   = "nucl-th",
      SLACcitation   = "%%CITATION = ARXIV:1211.0989;%%"
}

@article{Ghosh:2012xh,
      author         = "Ghosh, Premomoy",
      title          = "{Negative binomial multiplicity distribution in
                        proton-proton collisions in limited pseudorapidity
                        intervals at LHC up to $\sqrt{s} = 7$ TeV and the clan
                        model}",
      journal        = "Phys. Rev.",
      volume         = "D85",
      year           = "2012",
      pages          = "054017",
      doi            = "10.1103/PhysRevD.85.054017",
      eprint         = "1202.4221",
      archivePrefix  = "arXiv",
      primaryClass   = "hep-ph",
      SLACcitation   = "%%CITATION = ARXIV:1202.4221;%%"
}

@article{Niemi:2012aj,
      author         = "Niemi, H. and Denicol, G. S. and Holopainen, H. and
                        Huovinen, P.",
      title          = "{Event-by-event distributions of azimuthal asymmetries in
                        ultrarelativistic heavy-ion collisions}",
      journal        = "Phys. Rev.",
      volume         = "C87",
      year           = "2013",
      number         = "5",
      pages          = "054901",
      doi            = "10.1103/PhysRevC.87.054901",
      eprint         = "1212.1008",
      archivePrefix  = "arXiv",
      primaryClass   = "nucl-th",
      SLACcitation   = "%%CITATION = ARXIV:1212.1008;%%"
}

@article{Qiu:2012uy,
      author         = "Qiu, Zhi and Heinz, Ulrich",
      title          = "{Hydrodynamic event-plane correlations in Pb+Pb
                        collisions at $\sqrt{s}=2.76$ATeV}",
      journal        = "Phys. Lett.",
      volume         = "B717",
      year           = "2012",
      pages          = "261-265",
      doi            = "10.1016/j.physletb.2012.09.030",
      eprint         = "1208.1200",
      archivePrefix  = "arXiv",
      primaryClass   = "nucl-th",
      SLACcitation   = "%%CITATION = ARXIV:1208.1200;%%"
}

@article{Skokov:2012ds,
      author         = "Skokov, V. and Friman, B. and Redlich, K.",
      title          = "{Volume Fluctuations and Higher Order Cumulants of the
                        Net Baryon Number}",
      journal        = "Phys. Rev.",
      volume         = "C88",
      year           = "2013",
      pages          = "034911",
      doi            = "10.1103/PhysRevC.88.034911",
      eprint         = "1205.4756",
      archivePrefix  = "arXiv",
      primaryClass   = "hep-ph",
      reportNumber   = "BNL-98044-2012-JA",
      SLACcitation   = "%%CITATION = ARXIV:1205.4756;%%"
}

@article{Teaney:2012ke,
      author         = "Teaney, Derek and Yan, Li",
      title          = "{Non linearities in the harmonic spectrum of heavy ion
                        collisions with ideal and viscous hydrodynamics}",
      journal        = "Phys. Rev.",
      volume         = "C86",
      year           = "2012",
      pages          = "044908",
      doi            = "10.1103/PhysRevC.86.044908",
      eprint         = "1206.1905",
      archivePrefix  = "arXiv",
      primaryClass   = "nucl-th",
      SLACcitation   = "%%CITATION = ARXIV:1206.1905;%%"
}

@article{Aad:2013fja,
      author         = "Aad, Georges and others",
      title          = "{Measurement with the ATLAS detector of multi-particle
                        azimuthal correlations in p+Pb collisions at
                        $\sqrt{s_{NN}}$ =5.02 TeV}",
      collaboration  = "ATLAS",
      journal        = "Phys. Lett.",
      volume         = "B725",
      year           = "2013",
      pages          = "60-78",
      doi            = "10.1016/j.physletb.2013.06.057",
      eprint         = "1303.2084",
      archivePrefix  = "arXiv",
      primaryClass   = "hep-ex",
      reportNumber   = "CERN-PH-EP-2013-029",
      SLACcitation   = "%%CITATION = ARXIV:1303.2084;%%"
}

@article{Aad:2013xma,
      author         = "Aad, Georges and others",
      title          = "{Measurement of the distributions of event-by-event flow
                        harmonics in lead-lead collisions at = 2.76 TeV with the
                        ATLAS detector at the LHC}",
      collaboration  = "ATLAS",
      journal        = "JHEP",
      volume         = "11",
      year           = "2013",
      pages          = "183",
      doi            = "10.1007/JHEP11(2013)183",
      eprint         = "1305.2942",
      archivePrefix  = "arXiv",
      primaryClass   = "hep-ex",
      reportNumber   = "CERN-PH-EP-2013-04",
      SLACcitation   = "%%CITATION = ARXIV:1305.2942;%%"
}

@article{Abelev:2013csa,
      author         = "Abelev, Betty and others",
      title          = "{Charge correlations using the balance function in Pb-Pb
                        collisions at $\sqrt{s_{NN}}$ = 2.76 TeV}",
      collaboration  = "ALICE",
      journal        = "Phys. Lett.",
      volume         = "B723",
      year           = "2013",
      pages          = "267-279",
      doi            = "10.1016/j.physletb.2013.05.039",
      eprint         = "1301.3756",
      archivePrefix  = "arXiv",
      primaryClass   = "nucl-ex",
      reportNumber   = "CERN-PH-EP-2012-371",
      SLACcitation   = "%%CITATION = ARXIV:1301.3756;%%"
}

@article{Abelev:2013qoq,
      author         = "Abelev, Betty and others",
      title          = "{Centrality determination of Pb-Pb collisions at
                        $\sqrt{s_{NN}}$ = 2.76 TeV with ALICE}",
      collaboration  = "ALICE",
      journal        = "Phys. Rev.",
      volume         = "C88",
      year           = "2013",
      number         = "4",
      pages          = "044909",
      doi            = "10.1103/PhysRevC.88.044909",
      eprint         = "1301.4361",
      archivePrefix  = "arXiv",
      primaryClass   = "nucl-ex",
      reportNumber   = "CERN-PH-EP-2012-368",
      SLACcitation   = "%%CITATION = ARXIV:1301.4361;%%"
}

@article{Adamczyk:2013dal,
      author         = "Adamczyk, L. and others",
      title          = "{Energy Dependence of Moments of Net-proton Multiplicity
                        Distributions at RHIC}",
      collaboration  = "STAR",
      journal        = "Phys. Rev. Lett.",
      volume         = "112",
      year           = "2014",
      pages          = "032302",
      doi            = "10.1103/PhysRevLett.112.032302",
      eprint         = "1309.5681",
      archivePrefix  = "arXiv",
      primaryClass   = "nucl-ex",
      SLACcitation   = "%%CITATION = ARXIV:1309.5681;%%"
}

@article{Adler:2013aqf,
      author         = "Adler, S. S. and others",
      title          = "{Transverse-energy distributions at midrapidity in p+p ,
                        d+Au , and Au+Au collisions at $\sqrt{s_{NN}}=62.4–200$
                        GeV and implications for particle-production models}",
      collaboration  = "PHENIX",
      journal        = "Phys. Rev.",
      volume         = "C89",
      year           = "2014",
      number         = "4",
      pages          = "044905",
      doi            = "10.1103/PhysRevC.89.044905",
      eprint         = "1312.6676",
      archivePrefix  = "arXiv",
      primaryClass   = "nucl-ex",
      SLACcitation   = "%%CITATION = ARXIV:1312.6676;%%"
}

@article{Bilandzic:2013kga,
      author         = "Bilandzic, Ante and Christensen, Christian Holm and
                        Gulbrandsen, Kristjan and Hansen, Alexander and Zhou, You",
      title          = "{Generic framework for anisotropic flow analyses with
                        multiparticle azimuthal correlations}",
      journal        = "Phys. Rev.",
      volume         = "C89",
      year           = "2014",
      number         = "6",
      pages          = "064904",
      doi            = "10.1103/PhysRevC.89.064904",
      eprint         = "1312.3572",
      archivePrefix  = "arXiv",
      primaryClass   = "nucl-ex",
      SLACcitation   = "%%CITATION = ARXIV:1312.3572;%%"
}

@article{Bzdak:2013rya,
      author         = "Bzdak, Adam and Bozek, Piotr and McLerran, Larry",
      title          = "{Fluctuation induced equality of multi-particle
                        eccentricities for four or more particles}",
      journal        = "Nucl. Phys.",
      volume         = "A927",
      year           = "2014",
      pages          = "15-23",
      doi            = "10.1016/j.nuclphysa.2014.03.007",
      eprint         = "1311.7325",
      archivePrefix  = "arXiv",
      primaryClass   = "hep-ph",
      reportNumber   = "RBRC-1053",
      SLACcitation   = "%%CITATION = ARXIV:1311.7325;%%"
}

@article{Chatrchyan:2013kba,
      author         = "Chatrchyan, Serguei and others",
      title          = "{Measurement of higher-order harmonic azimuthal
                        anisotropy in PbPb collisions at $\sqrt{s_{NN}}$ = 2.76
                        TeV}",
      collaboration  = "CMS",
      journal        = "Phys. Rev.",
      volume         = "C89",
      year           = "2014",
      number         = "4",
      pages          = "044906",
      doi            = "10.1103/PhysRevC.89.044906",
      eprint         = "1310.8651",
      archivePrefix  = "arXiv",
      primaryClass   = "nucl-ex",
      reportNumber   = "CMS-HIN-11-005, CERN-PH-EP-2013-196",
      SLACcitation   = "%%CITATION = ARXIV:1310.8651;%%"
}

@article{Chatrchyan:2013nka,
      author         = "Chatrchyan, Serguei and others",
      title          = "{Multiplicity and transverse momentum dependence of two-
                        and four-particle correlations in pPb and PbPb
                        collisions}",
      collaboration  = "CMS",
      journal        = "Phys. Lett.",
      volume         = "B724",
      year           = "2013",
      pages          = "213-240",
      doi            = "10.1016/j.physletb.2013.06.028",
      eprint         = "1305.0609",
      archivePrefix  = "arXiv",
      primaryClass   = "nucl-ex",
      reportNumber   = "CMS-HIN-13-002, CERN-PH-EP-2013-077",
      SLACcitation   = "%%CITATION = ARXIV:1305.0609;%%"
}

@article{Gale:2013da,
      author         = "Gale, Charles and Jeon, Sangyong and Schenke, Bjoern",
      title          = "{Hydrodynamic Modeling of Heavy-Ion Collisions}",
      journal        = "Int. J. Mod. Phys.",
      volume         = "A28",
      year           = "2013",
      pages          = "1340011",
      doi            = "10.1142/S0217751X13400113",
      eprint         = "1301.5893",
      archivePrefix  = "arXiv",
      primaryClass   = "nucl-th",
      SLACcitation   = "%%CITATION = ARXIV:1301.5893;%%"
}

@article{Heinz:2013bua,
      author         = "Heinz, Ulrich and Qiu, Zhi and Shen, Chun",
      title          = "{Fluctuating flow angles and anisotropic flow
                        measurements}",
      journal        = "Phys. Rev.",
      volume         = "C87",
      year           = "2013",
      number         = "3",
      pages          = "034913",
      doi            = "10.1103/PhysRevC.87.034913",
      eprint         = "1302.3535",
      archivePrefix  = "arXiv",
      primaryClass   = "nucl-th",
      SLACcitation   = "%%CITATION = ARXIV:1302.3535;%%"
}

@article{Heinz:2013th,
      author         = "Heinz, Ulrich and Snellings, Raimond",
      title          = "{Collective flow and viscosity in relativistic heavy-ion
                        collisions}",
      journal        = "Ann. Rev. Nucl. Part. Sci.",
      volume         = "63",
      year           = "2013",
      pages          = "123-151",
      doi            = "10.1146/annurev-nucl-102212-170540",
      eprint         = "1301.2826",
      archivePrefix  = "arXiv",
      primaryClass   = "nucl-th",
      SLACcitation   = "%%CITATION = ARXIV:1301.2826;%%"
}

@article{Huo:2013qma,
      author         = "Huo, Peng and Jia, Jiangyong and Mohapatra, Soumya",
      title          = "{Elucidating the event-by-event flow fluctuations in
                        heavy-ion collisions via the event shape selection
                        technique}",
      journal        = "Phys. Rev.",
      volume         = "C90",
      year           = "2014",
      number         = "2",
      pages          = "024910",
      doi            = "10.1103/PhysRevC.90.024910",
      eprint         = "1311.7091",
      archivePrefix  = "arXiv",
      primaryClass   = "nucl-ex",
      SLACcitation   = "%%CITATION = ARXIV:1311.7091;%%"
}

@article{Luo:2013bmi,
      author         = "Luo, Xiaofeng and Xu, Ji and Mohanty, Bedangadas and Xu,
                        Nu",
      title          = "{Volume fluctuation and auto-correlation effects in the
                        moment analysis of net-proton multiplicity distributions
                        in heavy-ion collisions}",
      journal        = "J. Phys.",
      volume         = "G40",
      year           = "2013",
      pages          = "105104",
      doi            = "10.1088/0954-3899/40/10/105104",
      eprint         = "1302.2332",
      archivePrefix  = "arXiv",
      primaryClass   = "nucl-ex",
      SLACcitation   = "%%CITATION = ARXIV:1302.2332;%%"
}

@article{Luzum:2013yya,
      author         = "Luzum, Matthew and Petersen, Hannah",
      title          = "{Initial State Fluctuations and Final State Correlations
                        in Relativistic Heavy-Ion Collisions}",
      journal        = "J. Phys.",
      volume         = "G41",
      year           = "2014",
      pages          = "063102",
      doi            = "10.1088/0954-3899/41/6/063102",
      eprint         = "1312.5503",
      archivePrefix  = "arXiv",
      primaryClass   = "nucl-th",
      SLACcitation   = "%%CITATION = ARXIV:1312.5503;%%"
}

@article{Pierog:2013ria,
      author         = "Pierog, T. and Karpenko, Iu. and Katzy, J. M. and
                        Yatsenko, E. and Werner, K.",
      title          = "{EPOS LHC: Test of collective hadronization with data
                        measured at the CERN Large Hadron Collider}",
      journal        = "Phys. Rev.",
      volume         = "C92",
      year           = "2015",
      number         = "3",
      pages          = "034906",
      doi            = "10.1103/PhysRevC.92.034906",
      eprint         = "1306.0121",
      archivePrefix  = "arXiv",
      primaryClass   = "hep-ph",
      reportNumber   = "DESY-13-125",
      SLACcitation   = "%%CITATION = ARXIV:1306.0121;%%"
}

@article{Vovchenko:2013viu,
      author         = "Vovchenko, V. and Anchishkin, D. and Csernai, L. P.",
      title          = "{Longitudinal fluctuations of the center of mass of the
                        participants in heavy-ion collisions}",
      journal        = "Phys. Rev.",
      volume         = "C88",
      year           = "2013",
      number         = "1",
      pages          = "014901",
      doi            = "10.1103/PhysRevC.88.014901",
      eprint         = "1306.5208",
      archivePrefix  = "arXiv",
      primaryClass   = "nucl-th",
      SLACcitation   = "%%CITATION = ARXIV:1306.5208;%%"
}

@article{Yan:2013laa,
      author         = "Yan, Li and Ollitrault, Jean-Yves",
      title          = "{Universal fluctuation-driven eccentricities in
                        proton-proton, proton-nucleus and nucleus-nucleus
                        collisions}",
      journal        = "Phys. Rev. Lett.",
      volume         = "112",
      year           = "2014",
      pages          = "082301",
      doi            = "10.1103/PhysRevLett.112.082301",
      eprint         = "1312.6555",
      archivePrefix  = "arXiv",
      primaryClass   = "nucl-th",
      SLACcitation   = "%%CITATION = ARXIV:1312.6555;%%"
}

@article{Aad:2014fla,
      author         = "Aad, Georges and others",
      title          = "{Measurement of event-plane correlations in
                        $\sqrt{s_{NN}}=2.76$ TeV lead-lead collisions with the
                        ATLAS detector}",
      collaboration  = "ATLAS",
      journal        = "Phys. Rev.",
      volume         = "C90",
      year           = "2014",
      number         = "2",
      pages          = "024905",
      doi            = "10.1103/PhysRevC.90.024905",
      eprint         = "1403.0489",
      archivePrefix  = "arXiv",
      primaryClass   = "hep-ex",
      reportNumber   = "CERN-PH-EP-2014-021",
      SLACcitation   = "%%CITATION = ARXIV:1403.0489;%%"
}

@article{Aad:2014lta,
      author         = "Aad, Georges and others",
      title          = "{Measurement of long-range pseudorapidity correlations
                        and azimuthal harmonics in $\sqrt{s_{NN}}=5.02$ TeV
                        proton-lead collisions with the ATLAS detector}",
      collaboration  = "ATLAS",
      journal        = "Phys. Rev.",
      volume         = "C90",
      year           = "2014",
      number         = "4",
      pages          = "044906",
      doi            = "10.1103/PhysRevC.90.044906",
      eprint         = "1409.1792",
      archivePrefix  = "arXiv",
      primaryClass   = "hep-ex",
      reportNumber   = "CERN-PH-EP-2014-201",
      SLACcitation   = "%%CITATION = ARXIV:1409.1792;%%"
}

@article{Aad:2014vba,
      author         = "Aad, Georges and others",
      title          = "{Measurement of flow harmonics with multi-particle
                        cumulants in Pb+Pb collisions at $\sqrt{s_{\mathrm
                        {NN}}}=2.76$  TeV with the ATLAS detector}",
      collaboration  = "ATLAS",
      journal        = "Eur. Phys. J.",
      volume         = "C74",
      year           = "2014",
      number         = "11",
      pages          = "3157",
      doi            = "10.1140/epjc/s10052-014-3157-z",
      eprint         = "1408.4342",
      archivePrefix  = "arXiv",
      primaryClass   = "hep-ex",
      reportNumber   = "CERN-PH-EP-2014-171",
      SLACcitation   = "%%CITATION = ARXIV:1408.4342;%%"
}

@article{Abelev:2014mda,
      author         = "Abelev, Betty Bezverkhny and others",
      title          = "{Multiparticle azimuthal correlations in p -Pb and Pb-Pb
                        collisions at the CERN Large Hadron Collider}",
      collaboration  = "ALICE",
      journal        = "Phys. Rev.",
      volume         = "C90",
      year           = "2014",
      number         = "5",
      pages          = "054901",
      doi            = "10.1103/PhysRevC.90.054901",
      eprint         = "1406.2474",
      archivePrefix  = "arXiv",
      primaryClass   = "nucl-ex",
      reportNumber   = "CERN-PH-EP-2014-105",
      SLACcitation   = "%%CITATION = ARXIV:1406.2474;%%"
}

@article{Adamczyk:2014fia,
      author         = "Adamczyk, L. and others",
      title          = "{Beam energy dependence of moments of the net-charge
                        multiplicity distributions in Au+Au collisions at RHIC}",
      collaboration  = "STAR",
      journal        = "Phys. Rev. Lett.",
      volume         = "113",
      year           = "2014",
      pages          = "092301",
      doi            = "10.1103/PhysRevLett.113.092301",
      eprint         = "1402.1558",
      archivePrefix  = "arXiv",
      primaryClass   = "nucl-ex",
      SLACcitation   = "%%CITATION = ARXIV:1402.1558;%%"
}

@article{Adare:2014kci,
      author         = "Adare, A. and others",
      title          = "{Measurement of the higher-order anisotropic flow
                        coefficients for identified hadrons in Au$+$Au collisions
                        at $\sqrt{s_{_{NN}}}$ = 200 GeV}",
      collaboration  = "PHENIX",
      journal        = "Phys. Rev.",
      volume         = "C93",
      year           = "2016",
      number         = "5",
      pages          = "051902",
      doi            = "10.1103/PhysRevC.93.051902",
      eprint         = "1412.1038",
      archivePrefix  = "arXiv",
      primaryClass   = "nucl-ex",
      SLACcitation   = "%%CITATION = ARXIV:1412.1038;%%"
}

@article{Bhalerao:2014mua,
      author         = "Bhalerao, Rajeev S. and Ollitrault, Jean-Yves and Pal,
                        Subrata and Teaney, Derek",
      title          = "{Principal component analysis of event-by-event
                        fluctuations}",
      journal        = "Phys. Rev. Lett.",
      volume         = "114",
      year           = "2015",
      number         = "15",
      pages          = "152301",
      doi            = "10.1103/PhysRevLett.114.152301",
      eprint         = "1410.7739",
      archivePrefix  = "arXiv",
      primaryClass   = "nucl-th",
      reportNumber   = "SACLAY-T14-232",
      SLACcitation   = "%%CITATION = ARXIV:1410.7739;%%"
}

@article{Dumitru:2014yza,
      author         = "Dumitru, Adrian and McLerran, Larry and Skokov, Vladimir",
      title          = "{Azimuthal asymmetries and the emergence of
                        “collectivity” from multi-particle correlations in
                        high-energy pA collisions}",
      journal        = "Phys. Lett.",
      volume         = "B743",
      year           = "2015",
      pages          = "134-137",
      doi            = "10.1016/j.physletb.2015.02.046",
      eprint         = "1410.4844",
      archivePrefix  = "arXiv",
      primaryClass   = "hep-ph",
      SLACcitation   = "%%CITATION = ARXIV:1410.4844;%%"
}

@article{Jia:2014jca,
      author         = "Jia, Jiangyong",
      title          = "{Event-shape fluctuations and flow correlations in
                        ultra-relativistic heavy-ion collisions}",
      journal        = "J. Phys.",
      volume         = "G41",
      year           = "2014",
      number         = "12",
      pages          = "124003",
      doi            = "10.1088/0954-3899/41/12/124003",
      eprint         = "1407.6057",
      archivePrefix  = "arXiv",
      primaryClass   = "nucl-ex",
      SLACcitation   = "%%CITATION = ARXIV:1407.6057;%%"
}

@article{Jia:2014vja,
      author         = "Jia, Jiangyong and Huo, Peng",
      title          = "{A method for studying the rapidity fluctuation and
                        decorrelation of harmonic flow in heavy-ion collisions}",
      journal        = "Phys. Rev.",
      volume         = "C90",
      year           = "2014",
      number         = "3",
      pages          = "034905",
      doi            = "10.1103/PhysRevC.90.034905",
      eprint         = "1402.6680",
      archivePrefix  = "arXiv",
      primaryClass   = "nucl-th",
      SLACcitation   = "%%CITATION = ARXIV:1402.6680;%%"
}

@article{Jia:2014ysa,
      author         = "Jia, Jiangyong and Huo, Peng",
      title          = "{Forward-backward eccentricity and participant-plane
                        angle fluctuations and their influences on longitudinal
                        dynamics of collective flow}",
      journal        = "Phys. Rev.",
      volume         = "C90",
      year           = "2014",
      number         = "3",
      pages          = "034915",
      doi            = "10.1103/PhysRevC.90.034915",
      eprint         = "1403.6077",
      archivePrefix  = "arXiv",
      primaryClass   = "nucl-th",
      SLACcitation   = "%%CITATION = ARXIV:1403.6077;%%"
}

@article{Loizides:2014vua,
      author         = "Loizides, C. and Nagle, J. and Steinberg, P.",
      title          = "{Improved version of the PHOBOS Glauber Monte Carlo}",
      journal        = "SoftwareX",
      volume         = "1-2",
      year           = "2015",
      pages          = "13-18",
      doi            = "10.1016/j.softx.2015.05.001",
      eprint         = "1408.2549",
      archivePrefix  = "arXiv",
      primaryClass   = "nucl-ex",
      SLACcitation   = "%%CITATION = ARXIV:1408.2549;%%"
}

@article{Sidoti:2014kra,
      author         = "Sidoti, A.",
      title          = "{Minimum Bias Trigger Scintillators in ATLAS Run II}",
      booktitle      = "{Proceedings, International Conference on Instrumentation
                        for Colliding Beam Physics (INSTR14): Novosibirsk, Russia,
                        February 24-March 1, 2014}",
      collaboration  = "ATLAS TDAQ",
      journal        = "JINST",
      volume         = "9",
      year           = "2014",
      number         = "10",
      pages          = "C10020",
      doi            = "10.1088/1748-0221/9/10/C10020",
      SLACcitation   = "%%CITATION = JINST,9,C10020;%%"
}

@article{Tarafdar:2014oua,
      author         = "Tarafdar, Sourav and Citron, Zvi and Milov, Alexander",
      title          = "{A Centrality Detector Concept}",
      journal        = "Nucl. Instrum. Meth.",
      volume         = "A768",
      year           = "2014",
      pages          = "170-178",
      doi            = "10.1016/j.nima.2014.09.060",
      eprint         = "1405.4555",
      archivePrefix  = "arXiv",
      primaryClass   = "nucl-ex",
      SLACcitation   = "%%CITATION = ARXIV:1405.4555;%%"
}

@article{Yan:2014nsa,
      author         = "Yan, Li and Ollitrault, Jean-Yves and Poskanzer, Arthur
                        M.",
      title          = "{Azimuthal Anisotropy Distributions in High-Energy
                        Collisions}",
      journal        = "Phys. Lett.",
      volume         = "B742",
      year           = "2015",
      pages          = "290-295",
      doi            = "10.1016/j.physletb.2015.01.039",
      eprint         = "1408.0921",
      archivePrefix  = "arXiv",
      primaryClass   = "nucl-th",
      SLACcitation   = "%%CITATION = ARXIV:1408.0921;%%"
}

@article{Aad:2015gqa,
      author         = "Aad, Georges and others",
      title          = "{Observation of Long-Range Elliptic Azimuthal
                        Anisotropies in $\sqrt{s}=$13 and 2.76 TeV $pp$
                        Collisions with the ATLAS Detector}",
      collaboration  = "ATLAS",
      journal        = "Phys. Rev. Lett.",
      volume         = "116",
      year           = "2016",
      number         = "17",
      pages          = "172301",
      doi            = "10.1103/PhysRevLett.116.172301",
      eprint         = "1509.04776",
      archivePrefix  = "arXiv",
      primaryClass   = "hep-ex",
      reportNumber   = "CERN-PH-EP-2015-251",
      SLACcitation   = "%%CITATION = ARXIV:1509.04776;%%"
}

@article{Aad:2015lwa,
      author         = "Aad, Georges and others",
      title          = "{Measurement of the correlation between flow harmonics of
                        different order in lead-lead collisions at
                        $\sqrt{s_{NN}}$=2.76 TeV with the ATLAS detector}",
      collaboration  = "ATLAS",
      journal        = "Phys. Rev.",
      volume         = "C92",
      year           = "2015",
      number         = "3",
      pages          = "034903",
      doi            = "10.1103/PhysRevC.92.034903",
      eprint         = "1504.01289",
      archivePrefix  = "arXiv",
      primaryClass   = "hep-ex",
      reportNumber   = "CERN-PH-EP-2015-079",
      SLACcitation   = "%%CITATION = ARXIV:1504.01289;%%"
}

@article{Adam:2015mya,
      author         = "Adam, Jaroslav and others",
      title          = "{Forward-backward multiplicity correlations in pp
                        collisions at $ \sqrt{s} $ = 0.9, 2.76 and 7 TeV}",
      collaboration  = "ALICE",
      journal        = "JHEP",
      volume         = "05",
      year           = "2015",
      pages          = "097",
      doi            = "10.1007/JHEP05(2015)097",
      eprint         = "1502.00230",
      archivePrefix  = "arXiv",
      primaryClass   = "nucl-ex",
      reportNumber   = "CERN-PH-EP-2015-012",
      SLACcitation   = "%%CITATION = ARXIV:1502.00230;%%"
}

@article{Adamczyk:2015obl,
      author         = "Adamczyk, L. and others",
      title          = "{Azimuthal anisotropy in U$+$U and Au$+$Au collisions at
                        RHIC}",
      collaboration  = "STAR",
      journal        = "Phys. Rev. Lett.",
      volume         = "115",
      year           = "2015",
      number         = "22",
      pages          = "222301",
      doi            = "10.1103/PhysRevLett.115.222301",
      eprint         = "1505.07812",
      archivePrefix  = "arXiv",
      primaryClass   = "nucl-ex",
      SLACcitation   = "%%CITATION = ARXIV:1505.07812;%%"
}

@article{Adare:2015kwa,
      author         = "Adare, A. and others",
      title          = "{An Upgrade Proposal from the PHENIX Collaboration}",
      collaboration  = "PHENIX",
      year           = "2015",
      eprint         = "1501.06197",
      archivePrefix  = "arXiv",
      primaryClass   = "nucl-ex",
      SLACcitation   = "%%CITATION = ARXIV:1501.06197;%%"
}

@article{Bozek:2015bna,
      author         = "Bozek, Piotr and Broniowski, Wojciech",
      title          = "{The torque effect and fluctuations of entropy deposition
                        in rapidity in ultra-relativistic nuclear collisions}",
      journal        = "Phys. Lett.",
      volume         = "B752",
      year           = "2016",
      pages          = "206-211",
      doi            = "10.1016/j.physletb.2015.11.054",
      eprint         = "1506.02817",
      archivePrefix  = "arXiv",
      primaryClass   = "nucl-th",
      SLACcitation   = "%%CITATION = ARXIV:1506.02817;%%"
}

@article{Dusling:2015gta,
      author         = "Dusling, Kevin and Li, Wei and Schenke, Björn",
      title          = "{Novel collective phenomena in high-energy
                        proton–proton and proton–nucleus collisions}",
      journal        = "Int. J. Mod. Phys.",
      volume         = "E25",
      year           = "2016",
      number         = "01",
      pages          = "1630002",
      doi            = "10.1142/S0218301316300022",
      eprint         = "1509.07939",
      archivePrefix  = "arXiv",
      primaryClass   = "nucl-ex",
      SLACcitation   = "%%CITATION = ARXIV:1509.07939;%%"
}

@article{Jeon:2015dfa,
      author         = "Jeon, Sangyong and Heinz, Ulrich",
      title          = "{Introduction to Hydrodynamics}",
      journal        = "Int. J. Mod. Phys.",
      volume         = "E24",
      year           = "2015",
      number         = "10",
      pages          = "1530010",
      doi            = "10.1142/S0218301315300106",
      eprint         = "1503.03931",
      archivePrefix  = "arXiv",
      primaryClass   = "hep-ph",
      SLACcitation   = "%%CITATION = ARXIV:1503.03931;%%"
}

@article{Jia:2015jga,
      author         = "Jia, Jiangyong and Radhakrishnan, Sooraj and Zhou,
                        Mingliang",
      title          = "{Forward-backward multiplicity fluctuation and
                        longitudinal harmonics in high-energy nuclear collisions}",
      journal        = "Phys. Rev.",
      volume         = "C93",
      year           = "2016",
      number         = "4",
      pages          = "044905",
      doi            = "10.1103/PhysRevC.93.044905",
      eprint         = "1506.03496",
      archivePrefix  = "arXiv",
      primaryClass   = "nucl-th",
      SLACcitation   = "%%CITATION = ARXIV:1506.03496;%%"
}

@article{Khachatryan:2015waa,
      author         = "Khachatryan, Vardan and others",
      title          = "{Evidence for Collective Multiparticle Correlations in
                        p-Pb Collisions}",
      collaboration  = "CMS",
      journal        = "Phys. Rev. Lett.",
      volume         = "115",
      year           = "2015",
      number         = "1",
      pages          = "012301",
      doi            = "10.1103/PhysRevLett.115.012301",
      eprint         = "1502.05382",
      archivePrefix  = "arXiv",
      primaryClass   = "nucl-ex",
      reportNumber   = "CMS-HIN-14-006, CERN-PH-EP-2015-011",
      SLACcitation   = "%%CITATION = ARXIV:1502.05382;%%"
}

@article{Lappi:2015vta,
      author         = "Lappi, T. and Schenke, B. and Schlichting, S. and
                        Venugopalan, R.",
      title          = "{Tracing the origin of azimuthal gluon correlations in
                        the color glass condensate}",
      journal        = "JHEP",
      volume         = "01",
      year           = "2016",
      pages          = "061",
      doi            = "10.1007/JHEP01(2016)061",
      eprint         = "1509.03499",
      archivePrefix  = "arXiv",
      primaryClass   = "hep-ph",
      SLACcitation   = "%%CITATION = ARXIV:1509.03499;%%"
}

@article{LinkSTAR:2015tdr,
      collaboration  = "STAR",
  		title = "{Technical Design Report for the iTPC Upgrade}",
  		howpublished = "\url{https://drupal.star.bnl.gov/STAR/starnotes/public/sn0644}",
  		year = "2015"
}

@article{Luo:2015cea,
      author         = "Luo, Xiaofeng",
      title          = "{Fluctuations of Conserved Quantities in High Energy
                        Nuclear Collisions at RHIC}",
      booktitle      = "{Proceedings, 3rd FAIR Next generation ScientistS
                        (FAIRNESS 2014): Vietri sul Mare, Italy, September 22-27,
                        2014}",
      journal        = "J. Phys. Conf. Ser.",
      volume         = "599",
      year           = "2015",
      number         = "1",
      pages          = "012023",
      doi            = "10.1088/1742-6596/599/1/012023",
      eprint         = "1501.03010",
      archivePrefix  = "arXiv",
      primaryClass   = "nucl-ex",
      SLACcitation   = "%%CITATION = ARXIV:1501.03010;%%"
}

@article{Pang:2015zrq,
      author         = "Pang, Long-Gang and Petersen, Hannah and Qin, Guang-You
                        and Roy, Victor and Wang, Xin-Nian",
      title          = "{Decorrelation of anisotropic flow along the longitudinal
                        direction}",
      journal        = "Eur. Phys. J.",
      volume         = "A52",
      year           = "2016",
      number         = "4",
      pages          = "97",
      doi            = "10.1140/epja/i2016-16097-x",
      eprint         = "1511.04131",
      archivePrefix  = "arXiv",
      primaryClass   = "nucl-th",
      SLACcitation   = "%%CITATION = ARXIV:1511.04131;%%"
}

@article{Qin:2015srf,
      author         = "Qin, Guang-You and Wang, Xin-Nian",
      title          = "{Jet quenching in high-energy heavy-ion collisions}",
      journal        = "Int. J. Mod. Phys.",
      volume         = "E24",
      year           = "2015",
      number         = "11",
      pages          = "1530014",
      doi            = "10.1142/S0218301315300143, 10.1142/9789814663717_0007",
      note           = "[,309(2016)]",
      eprint         = "1511.00790",
      archivePrefix  = "arXiv",
      primaryClass   = "hep-ph",
      SLACcitation   = "%%CITATION = ARXIV:1511.00790;%%"
}

@article{Aaboud:2016itf,
      author         = "Aaboud, Morad and others",
      title          = "{Charged-particle distributions at low transverse
                        momentum in $\sqrt{s} = 13$  TeV $pp$ interactions
                        measured with the ATLAS detector at the LHC}",
      collaboration  = "ATLAS",
      journal        = "Eur. Phys. J.",
      volume         = "C76",
      year           = "2016",
      number         = "9",
      pages          = "502",
      doi            = "10.1140/epjc/s10052-016-4335-y",
      eprint         = "1606.01133",
      archivePrefix  = "arXiv",
      primaryClass   = "hep-ex",
      reportNumber   = "CERN-EP-2016-099",
      SLACcitation   = "%%CITATION = ARXIV:1606.01133;%%"
}

@article{Aad:2016mok,
      author         = "Aad, Georges and others",
      title          = "{Charged-particle distributions in $\sqrt{s}$ = 13 TeV
                        pp interactions measured with the ATLAS detector at the
                        LHC}",
      collaboration  = "ATLAS",
      journal        = "Phys. Lett.",
      volume         = "B758",
      year           = "2016",
      pages          = "67-88",
      doi            = "10.1016/j.physletb.2016.04.050",
      eprint         = "1602.01633",
      archivePrefix  = "arXiv",
      primaryClass   = "hep-ex",
      reportNumber   = "CERN-EP-2016-014",
      SLACcitation   = "%%CITATION = ARXIV:1602.01633;%%"
}

@article{Aaboud:2016yar,
      author         = "Aaboud, Morad and others",
      title          = "{Measurements of long-range azimuthal anisotropies and
                        associated Fourier coefficients for $pp$ collisions at
                        $\sqrt{s}=5.02$ and $13$ TeV and $p$+Pb collisions at
                        $\sqrt{s_{\mathrm{NN}}}=5.02$ TeV with the ATLAS
                        detector}",
      collaboration  = "ATLAS",
      journal        = "Phys. Rev.",
      volume         = "C96",
      year           = "2017",
      number         = "2",
      pages          = "024908",
      doi            = "10.1103/PhysRevC.96.024908",
      eprint         = "1609.06213",
      archivePrefix  = "arXiv",
      primaryClass   = "nucl-ex",
      reportNumber   = "CERN-EP-2016-200",
      SLACcitation   = "%%CITATION = ARXIV:1609.06213;%%"
}

@article{Adam:2016izf,
      author         = "Adam, Jaroslav and others",
      title          = "{Anisotropic flow of charged particles in Pb-Pb
                        collisions at $\sqrt{s_{\rm NN}}=5.02$ TeV}",
      collaboration  = "ALICE",
      journal        = "Phys. Rev. Lett.",
      volume         = "116",
      year           = "2016",
      number         = "13",
      pages          = "132302",
      doi            = "10.1103/PhysRevLett.116.132302",
      eprint         = "1602.01119",
      archivePrefix  = "arXiv",
      primaryClass   = "nucl-ex",
      reportNumber   = "CERN-EP-2016-018",
      SLACcitation   = "%%CITATION = ARXIV:1602.01119;%%"
}

@article{ALICE:2016kpq,
      author         = "Adam, Jaroslav and others",
      title          = "{Correlated event-by-event fluctuations of flow harmonics
                        in Pb-Pb collisions at $\sqrt{s_{_{\rm NN}}}=2.76$ TeV}",
      collaboration  = "ALICE",
      journal        = "Phys. Rev. Lett.",
      volume         = "117",
      year           = "2016",
      pages          = "182301",
      doi            = "10.1103/PhysRevLett.117.182301",
      eprint         = "1604.07663",
      archivePrefix  = "arXiv",
      primaryClass   = "nucl-ex",
      reportNumber   = "CERN-EP-2016-102",
      SLACcitation   = "%%CITATION = ARXIV:1604.07663;%%"
}

@article{Akamatsu:2016llw,
      author         = "Akamatsu, Yukinao and Mazeliauskas, Aleksas and Teaney,
                        Derek",
      title          = "{A kinetic regime of hydrodynamic fluctuations and long
                        time tails for a Bjorken expansion}",
      journal        = "Phys. Rev.",
      volume         = "C95",
      year           = "2017",
      number         = "1",
      pages          = "014909",
      doi            = "10.1103/PhysRevC.95.014909",
      eprint         = "1606.07742",
      archivePrefix  = "arXiv",
      primaryClass   = "nucl-th",
      SLACcitation   = "%%CITATION = ARXIV:1606.07742;%%"
}

@article{Braun-Munzinger:2016yjz,
      author         = "Braun-Munzinger, P. and Rustamov, A. and Stachel, J.",
      title          = "{Bridging the gap between event-by-event fluctuation
                        measurements and theory predictions in relativistic
                        nuclear collisions}",
      journal        = "Nucl. Phys.",
      volume         = "A960",
      year           = "2017",
      pages          = "114-130",
      doi            = "10.1016/j.nuclphysa.2017.01.011",
      eprint         = "1612.00702",
      archivePrefix  = "arXiv",
      primaryClass   = "nucl-th",
      SLACcitation   = "%%CITATION = ARXIV:1612.00702;%%"
}

@article{Bzdak:2016jxo,
      author         = "Bzdak, Adam and Koch, Volker and Skokov, Vladimir",
      title          = "{Correlated stopping, proton clusters and higher order
                        proton cumulants}",
      journal        = "Eur. Phys. J.",
      volume         = "C77",
      year           = "2017",
      number         = "5",
      pages          = "288",
      doi            = "10.1140/epjc/s10052-017-4847-0",
      eprint         = "1612.05128",
      archivePrefix  = "arXiv",
      primaryClass   = "nucl-th",
      reportNumber   = "INT-PUB-16-053, RBRC-1221",
      SLACcitation   = "%%CITATION = ARXIV:1612.05128;%%"
}

@article{Giacalone:2016afq,
      author         = "Giacalone, Giuliano and Yan, Li and Noronha-Hostler,
                        Jacquelyn and Ollitrault, Jean-Yves",
      title          = "{Symmetric cumulants and event-plane correlations in Pb +
                        Pb collisions}",
      journal        = "Phys. Rev.",
      volume         = "C94",
      year           = "2016",
      number         = "1",
      pages          = "014906",
      doi            = "10.1103/PhysRevC.94.014906",
      eprint         = "1605.08303",
      archivePrefix  = "arXiv",
      primaryClass   = "nucl-th",
      reportNumber   = "SACLAY-T16-042",
      SLACcitation   = "%%CITATION = ARXIV:1605.08303;%%"
}

@article{Giacalone:2016mdr,
      author         = "Giacalone, Giuliano and Yan, Li and Noronha-Hostler,
                        Jacquelyn and Ollitrault, Jean-Yves",
      title          = "{The fluctuations of quadrangular flow}",
      booktitle      = "{Proceedings, 16th International Conference on
                        Strangeness in Quark Matter (SQM 2016): Berkeley,
                        California, United States}",
      journal        = "J. Phys. Conf. Ser.",
      volume         = "779",
      year           = "2017",
      number         = "1",
      pages          = "012064",
      doi            = "10.1088/1742-6596/779/1/012064",
      eprint         = "1608.06022",
      archivePrefix  = "arXiv",
      primaryClass   = "nucl-th",
      reportNumber   = "SACLAY-T16-086",
      SLACcitation   = "%%CITATION = ARXIV:1608.06022;%%"
}

@article{Khachatryan:2016txc,
      author         = "Khachatryan, Vardan and others",
      title          = "{Evidence for collectivity in pp collisions at the LHC}",
      collaboration  = "CMS",
      journal        = "Phys. Lett.",
      volume         = "B765",
      year           = "2017",
      pages          = "193-220",
      doi            = "10.1016/j.physletb.2016.12.009",
      eprint         = "1606.06198",
      archivePrefix  = "arXiv",
      primaryClass   = "nucl-ex",
      reportNumber   = "CMS-HIN-16-010, CERN-EP-2016-147",
      SLACcitation   = "%%CITATION = ARXIV:1606.06198;%%"
}

@article{LinkSTAR:2016fcs,
      collaboration  = "STAR",
  		title = "{The STAR Forward Calorimeter System and Forward Tracking System beyond BES-II}",
  		howpublished = "\url{https://drupal.star.bnl.gov/STAR/starnotes/public/sn0648}",
  		year = "2016"
}

@article{Schenke:2016ksl,
      author         = "Schenke, Bjoern and Schlichting, Soeren",
      title          = "{3D glasma initial state for relativistic heavy ion
                        collisions}",
      journal        = "Phys. Rev.",
      volume         = "C94",
      year           = "2016",
      number         = "4",
      pages          = "044907",
      doi            = "10.1103/PhysRevC.94.044907",
      eprint         = "1605.07158",
      archivePrefix  = "arXiv",
      primaryClass   = "hep-ph",
      SLACcitation   = "%%CITATION = ARXIV:1605.07158;%%"
}

@article{Schlichting:2016sqo,
      author         = "Schlichting, Sören and Tribedy, Prithwish",
      title          = "{Collectivity in Small Collision Systems: An
                        Initial-State Perspective}",
      journal        = "Adv. High Energy Phys.",
      volume         = "2016",
      year           = "2016",
      pages          = "8460349",
      doi            = "10.1155/2016/8460349",
      eprint         = "1611.00329",
      archivePrefix  = "arXiv",
      primaryClass   = "hep-ph",
      SLACcitation   = "%%CITATION = ARXIV:1611.00329;%%"
}

@article{Xu:2016qzd,
      author         = "Xu, Hao-jie",
      title          = "{Cumulants of multiplicity distributions in most-central
                        heavy-ion collisions}",
      journal        = "Phys. Rev.",
      volume         = "C94",
      year           = "2016",
      number         = "5",
      pages          = "054903",
      doi            = "10.1103/PhysRevC.94.054903",
      eprint         = "1602.07089",
      archivePrefix  = "arXiv",
      primaryClass   = "nucl-th",
      SLACcitation   = "%%CITATION = ARXIV:1602.07089;%%"
}

@article{Zhu:2016puf,
      author         = "Zhu, Xiangrong and Zhou, You and Xu, Haojie and Song,
                        Huichao",
      title          = "{Correlations of flow harmonics in 2.76A TeV Pb--Pb
                        collisions}",
      journal        = "Phys. Rev.",
      volume         = "C95",
      year           = "2017",
      number         = "4",
      pages          = "044902",
      doi            = "10.1103/PhysRevC.95.044902",
      eprint         = "1608.05305",
      archivePrefix  = "arXiv",
      primaryClass   = "nucl-th",
      SLACcitation   = "%%CITATION = ARXIV:1608.05305;%%"
}

@article{Aaboud:2017acw,
      author         = "Aaboud, Morad and others",
      title          = "{Measurement of multi-particle azimuthal correlations in
                        $pp$, $p+$Pb and low-multiplicity Pb$+$Pb collisions with
                        the ATLAS detector}",
      collaboration  = "ATLAS",
      journal        = "Eur. Phys. J.",
      volume         = "C77",
      year           = "2017",
      number         = "6",
      pages          = "428",
      doi            = "10.1140/epjc/s10052-017-4988-1",
      eprint         = "1705.04176",
      archivePrefix  = "arXiv",
      primaryClass   = "hep-ex",
      reportNumber   = "CERN-EP-2017-048",
      SLACcitation   = "%%CITATION = ARXIV:1705.04176;%%"
}

@article{Aaboud:2017blb,
      author         = "Aaboud, Morad and others",
      title          = "{Measurement of long-range multiparticle azimuthal
                        correlations with the subevent cumulant method in $pp$ and
                        $p + Pb$ collisions with the ATLAS detector at the CERN
                        Large Hadron Collider}",
      collaboration  = "ATLAS",
      journal        = "Phys. Rev.",
      volume         = "C97",
      year           = "2018",
      number         = "2",
      pages          = "024904",
      doi            = "10.1103/PhysRevC.97.024904",
      eprint         = "1708.03559",
      archivePrefix  = "arXiv",
      primaryClass   = "hep-ex",
      reportNumber   = "CERN-EP-2017-160",
      SLACcitation   = "%%CITATION = ARXIV:1708.03559;%%"
}

@article{Aaboud:2017tql,
      author         = "Aaboud, Morad and others",
      title          = "{Measurement of longitudinal flow decorrelations in Pb+Pb
                        collisions at $\sqrt{s_{\text {NN}}}=2.76$ and 5.02 TeV
                        with the ATLAS detector}",
      collaboration  = "ATLAS",
      journal        = "Eur. Phys. J.",
      volume         = "C78",
      year           = "2018",
      number         = "2",
      pages          = "142",
      doi            = "10.1140/epjc/s10052-018-5605-7",
      eprint         = "1709.02301",
      archivePrefix  = "arXiv",
      primaryClass   = "nucl-ex",
      reportNumber   = "CERN-EP-2017-191",
      SLACcitation   = "%%CITATION = ARXIV:1709.02301;%%"
}

@article{Aaboud:2017xpw,
      author         = "Aaboud, Morad and others",
      title          = "{Femtoscopy with identified charged pions in proton-lead
                        collisions at $\sqrt{s_{\mathrm{NN}}}=5.02$ TeV with
                        ATLAS}",
      collaboration  = "ATLAS",
      journal        = "Phys. Rev.",
      volume         = "C96",
      year           = "2017",
      number         = "6",
      pages          = "064908",
      doi            = "10.1103/PhysRevC.96.064908",
      eprint         = "1704.01621",
      archivePrefix  = "arXiv",
      primaryClass   = "hep-ex",
      reportNumber   = "CERN-EP-2017-004",
      SLACcitation   = "%%CITATION = ARXIV:1704.01621;%%"
}

@article{Aidala:2017ajz,
      author         = "Aidala, C. and others",
      title          = "{Measurements of Multiparticle Correlations in
                        $d+\mathrm{Au}$ Collisions at 200, 62.4, 39, and 19.6 GeV
                        and $p+\mathrm{Au}$ Collisions at 200 GeV and Implications
                        for Collective Behavior}",
      collaboration  = "PHENIX",
      journal        = "Phys. Rev. Lett.",
      volume         = "120",
      year           = "2018",
      number         = "6",
      pages          = "062302",
      doi            = "10.1103/PhysRevLett.120.062302",
      eprint         = "1707.06108",
      archivePrefix  = "arXiv",
      primaryClass   = "nucl-ex",
      SLACcitation   = "%%CITATION = ARXIV:1707.06108;%%"
}

@article{ALICE:2017jyt,
      author         = "Adam, Jaroslav and others",
      title          = "{Enhanced production of multi-strange hadrons in
                        high-multiplicity proton-proton collisions}",
      collaboration  = "ALICE",
      journal        = "Nature Phys.",
      volume         = "13",
      year           = "2017",
      pages          = "535-539",
      doi            = "10.1038/nphys4111",
      eprint         = "1606.07424",
      archivePrefix  = "arXiv",
      primaryClass   = "nucl-ex",
      reportNumber   = "CERN-EP-2016-153",
      SLACcitation   = "%%CITATION = ARXIV:1606.07424;%%"
}

@techreport{ATLAS-CONF-2017-066,
      title         = "{Measurement of four-particle azimuthal cumulants in Pb+Pb
                       collisions at $\sqrt{s_{NN}}=5.02$ TeV with the ATLAS
                       detector}",
      institution   = "CERN",
      collaboration = "ATLAS Collaboration",
      address       = "Geneva",
      number        = "ATLAS-CONF-2017-066",
      month         = "Sep",
      year          = "2017",
      reportNumber  = "ATLAS-CONF-2017-066",
      url           = "http://cds.cern.ch/record/2285570",
}

@article{Das:2017ned,
      author         = "Das, Sruthy Jyothi and Giacalone, Giuliano and Monard,
                        Pierre-Amaury and Ollitrault, Jean-Yves",
      title          = "{Relating centrality to impact parameter in
                        nucleus-nucleus collisions}",
      journal        = "Phys. Rev.",
      volume         = "C97",
      year           = "2018",
      number         = "1",
      pages          = "014905",
      doi            = "10.1103/PhysRevC.97.014905",
      eprint         = "1708.00081",
      archivePrefix  = "arXiv",
      primaryClass   = "nucl-th",
      reportNumber   = "SACLAY-T17-036, CPHT-RR008.012018",
      SLACcitation   = "%%CITATION = ARXIV:1708.00081;%%"
}

@article{Giacalone:2017uqx,
      author         = "Giacalone, Giuliano and Noronha-Hostler, Jacquelyn and
                        Ollitrault, Jean-Yves",
      title          = "{Relative flow fluctuations as a probe of initial state
                        fluctuations}",
      journal        = "Phys. Rev.",
      volume         = "C95",
      year           = "2017",
      number         = "5",
      pages          = "054910",
      doi            = "10.1103/PhysRevC.95.054910",
      eprint         = "1702.01730",
      archivePrefix  = "arXiv",
      primaryClass   = "nucl-th",
      SLACcitation   = "%%CITATION = ARXIV:1702.01730;%%"
}

@article{Huo:2017nms,
      author         = "Huo, Peng and Gajdošová, Katarína and Jia, Jiangyong
                        and Zhou, You",
      title          = "{Importance of non-flow in mixed-harmonic multi-particle
                        correlations in small collision systems}",
      journal        = "Phys. Lett.",
      volume         = "B777",
      year           = "2018",
      pages          = "201-206",
      doi            = "10.1016/j.physletb.2017.12.035",
      eprint         = "1710.07567",
      archivePrefix  = "arXiv",
      primaryClass   = "nucl-ex",
      SLACcitation   = "%%CITATION = ARXIV:1710.07567;%%"
}

@article{Jia:2017hbm,
      author         = "Jia, Jiangyong and Zhou, Mingliang and Trzupek, Adam",
      title          = "{Revealing long-range multiparticle collectivity in small
                        collision systems via subevent cumulants}",
      journal        = "Phys. Rev.",
      volume         = "C96",
      year           = "2017",
      number         = "3",
      pages          = "034906",
      doi            = "10.1103/PhysRevC.96.034906",
      eprint         = "1701.03830",
      archivePrefix  = "arXiv",
      primaryClass   = "nucl-th",
      SLACcitation   = "%%CITATION = ARXIV:1701.03830;%%"
}

@article{Kitazawa:2017ljq,
      author         = "Kitazawa, Masakiyo and Luo, Xiaofeng",
      title          = "{Properties and uses of factorial cumulants in
                        relativistic heavy-ion collisions}",
      journal        = "Phys. Rev.",
      volume         = "C96",
      year           = "2017",
      number         = "2",
      pages          = "024910",
      doi            = "10.1103/PhysRevC.96.024910",
      eprint         = "1704.04909",
      archivePrefix  = "arXiv",
      primaryClass   = "nucl-th",
      reportNumber   = "J-PARC-TH-0089",
      SLACcitation   = "%%CITATION = ARXIV:1704.04909;%%"
}

@article{Koch:2017pda,
      author         = "Koch, Peter and Müller, Berndt and Rafelski, Johann",
      title          = "{From strangeness enhancement to quark–gluon plasma
                        discovery}",
      journal        = "Int. J. Mod. Phys.",
      volume         = "A32",
      year           = "2017",
      number         = "31",
      pages          = "1730024",
      doi            = "10.1142/S0217751X17300241",
      eprint         = "1708.08115",
      archivePrefix  = "arXiv",
      primaryClass   = "nucl-th",
      SLACcitation   = "%%CITATION = ARXIV:1708.08115;%%"
}

@article{Li:2017via,
      author         = "Li, Jixing and Xu, Hao-jie and Song, Huichao",
      title          = "{Noncritical fluctuations of (net) charges and (net)
                        protons from the iEBE-VISHNU hybrid model}",
      journal        = "Phys. Rev.",
      volume         = "C97",
      year           = "2018",
      number         = "1",
      pages          = "014902",
      doi            = "10.1103/PhysRevC.97.014902",
      eprint         = "1707.09742",
      archivePrefix  = "arXiv",
      primaryClass   = "nucl-th",
      SLACcitation   = "%%CITATION = ARXIV:1707.09742;%%"
}

@article{LinkLHC:2017whl,
      collaboration  = "LHC",
  		title = "{Workshop on the physics of HL-LHC, and perspectives at HE-LHC}",
  		howpublished = "\url{https://indico.cern.ch/event/647676/}",
  		year = "2017"
}

@article{Luo:2017faz,
      author         = "Luo, Xiaofeng and Xu, Nu",
      title          = "{Search for the QCD Critical Point with Fluctuations of
                        Conserved Quantities in Relativistic Heavy-Ion Collisions
                        at RHIC : An Overview}",
      journal        = "Nucl. Sci. Tech.",
      volume         = "28",
      year           = "2017",
      number         = "8",
      pages          = "112",
      doi            = "10.1007/s41365-017-0257-0",
      eprint         = "1701.02105",
      archivePrefix  = "arXiv",
      primaryClass   = "nucl-ex",
      SLACcitation   = "%%CITATION = ARXIV:1701.02105;%%"
}

@article{Shen:2017bsr,
      author         = "Shen, Chun and Schenke, Björn",
      title          = "{Dynamical initial state model for relativistic heavy-ion
                        collisions}",
      journal        = "Phys. Rev.",
      volume         = "C97",
      year           = "2018",
      number         = "2",
      pages          = "024907",
      doi            = "10.1103/PhysRevC.97.024907",
      eprint         = "1710.00881",
      archivePrefix  = "arXiv",
      primaryClass   = "nucl-th",
      SLACcitation   = "%%CITATION = ARXIV:1710.00881;%%"
}

@article{Sirunyan:2017fts,
      author         = "Sirunyan, Albert M and others",
      title          = "{Non-Gaussian elliptic-flow fluctuations in PbPb
                        collisions at $\sqrt{\smash[b]{s_{_\text{NN}}}} = 5.02$
                        TeV}",
      collaboration  = "CMS",
      year           = "2017",
      eprint         = "1711.05594",
      archivePrefix  = "arXiv",
      primaryClass   = "nucl-ex",
      reportNumber   = "CMS-HIN-16-019, CERN-EP-2017-268",
      SLACcitation   = "%%CITATION = ARXIV:1711.05594;%%"
}

@article{Sirunyan:2017pan,
      author         = "Sirunyan, A. M. and others",
      title          = "{Azimuthal anisotropy of charged particles with
                        transverse momentum up to 100 GeV/ c in PbPb collisions
                        at $\sqrt {s}_{{NN}}$=5.02 TeV}",
      collaboration  = "CMS",
      journal        = "Phys. Lett.",
      volume         = "B776",
      year           = "2018",
      pages          = "195-216",
      doi            = "10.1016/j.physletb.2017.11.041",
      eprint         = "1702.00630",
      archivePrefix  = "arXiv",
      primaryClass   = "hep-ex",
      reportNumber   = "CMS-HIN-15-014, CERN-EP-2017-001",
      SLACcitation   = "%%CITATION = ARXIV:1702.00630;%%"
}

@article{Sirunyan:2017uyl,
      author         = "Sirunyan, Albert M and others",
      title          = "{Observation of Correlated Azimuthal Anisotropy Fourier
                        Harmonics in $pp$ and $p+Pb$ Collisions at the LHC}",
      collaboration  = "CMS",
      journal        = "Phys. Rev. Lett.",
      volume         = "120",
      year           = "2018",
      number         = "9",
      pages          = "092301",
      doi            = "10.1103/PhysRevLett.120.092301",
      eprint         = "1709.09189",
      archivePrefix  = "arXiv",
      primaryClass   = "nucl-ex",
      reportNumber   = "CMS-HIN-16-022, CERN-EP-2017-220",
      SLACcitation   = "%%CITATION = ARXIV:1709.09189;%%"
}

@article{Aaboud:2018syf,
      author         = "Aaboud, Morad and others",
      title          = "{Correlated long-range mixed-harmonic fluctuations
                        measured in $pp$, $p$+Pb and low-multiplicity Pb+Pb
                        collisions with the ATLAS detector}",
      collaboration  = "ATLAS",
      year           = "2018",
      eprint         = "1807.02012",
      archivePrefix  = "arXiv",
      primaryClass   = "nucl-ex",
      reportNumber   = "CERN-EP-2018-151, CERN-PH-EP-2018-151",
      SLACcitation   = "%%CITATION = ARXIV:1807.02012;%%"
}

@article{Aaboud:2018twu,
      author         = "Aaboud, Morad and others",
      title          = "{Measurement of the nuclear modification factor for
                        inclusive jets in Pb+Pb collisions at
                        $\sqrt{s_\mathrm{NN}}=5.02$ TeV with the ATLAS detector}",
      collaboration  = "ATLAS",
      journal        = "Phys. Lett.",
      volume         = "B790",
      year           = "2019",
      pages          = "108-128",
      doi            = "10.1016/j.physletb.2018.10.076",
      eprint         = "1805.05635",
      archivePrefix  = "arXiv",
      primaryClass   = "nucl-ex",
      reportNumber   = "CERN-EP-2018-105",
      SLACcitation   = "%%CITATION = ARXIV:1805.05635;%%"
}

@article{Aaboud:2018ves,
      author         = "Aaboud, Morad and others",
      title          = "{Measurement of the azimuthal anisotropy of charged
                        particles produced in $\sqrt{s_{_\text {NN}}}$ = 5.02 TeV
                        Pb+Pb collisions with the ATLAS detector}",
      collaboration  = "ATLAS",
      journal        = "Eur. Phys. J.",
      volume         = "C78",
      year           = "2018",
      number         = "12",
      pages          = "997",
      doi            = "10.1140/epjc/s10052-018-6468-7",
      eprint         = "1808.03951",
      archivePrefix  = "arXiv",
      primaryClass   = "nucl-ex",
      reportNumber   = "CERN-EP-2018-194",
      SLACcitation   = "%%CITATION = ARXIV:1808.03951;%%"
}

@techreport{ATL-PHYS-PUB-2018-020,
      title         = "{Projections for ATLAS Measurements of Bulk Properties of
                       Pb+Pb, $p$+Pb, and $pp$ Collisions in LHC Runs 3 and 4}",
      institution   = "CERN",
      collaboration = "ATLAS Collaboration",
      address       = "Geneva",
      number        = "ATL-PHYS-PUB-2018-020",
      month         = "Oct",
      year          = "2018",
      reportNumber  = "ATL-PHYS-PUB-2018-020",
      url           = "https://cds.cern.ch/record/2644407",
}

@article{Busza:2018rrf,
      author         = "Busza, Wit and Rajagopal, Krishna and van der Schee,
                        Wilke",
      title          = "{Heavy Ion Collisions: The Big Picture, and the Big
                        Questions}",
      journal        = "Ann. Rev. Nucl. Part. Sci.",
      volume         = "68",
      year           = "2018",
      pages          = "339-376",
      doi            = "10.1146/annurev-nucl-101917-020852",
      eprint         = "1802.04801",
      archivePrefix  = "arXiv",
      primaryClass   = "hep-ph",
      reportNumber   = "MIT-CTP-4892, MIT-CTP/4892",
      SLACcitation   = "%%CITATION = ARXIV:1802.04801;%%"
}

@inproceedings{Citron:2018lsq,
      author         = "Citron, Z. and others",
      title          = "{Future physics opportunities for high-density QCD at the
                        LHC with heavy-ion and proton beams}",
      year           = "2018",
      eprint         = "1812.06772",
      archivePrefix  = "arXiv",
      primaryClass   = "hep-ph",
      reportNumber   = "CERN-LPCC-2018-07",
      SLACcitation   = "%%CITATION = ARXIV:1812.06772;%%"
}

@article{Nagle:2018nvi,
      author         = "Nagle, James L. and Zajc, William A.",
      title          = "{Small System Collectivity in Relativistic Hadronic and
                        Nuclear Collisions}",
      journal        = "Ann. Rev. Nucl. Part. Sci.",
      volume         = "68",
      year           = "2018",
      pages          = "211-235",
      doi            = "10.1146/annurev-nucl-101916-123209",
      eprint         = "1801.03477",
      archivePrefix  = "arXiv",
      primaryClass   = "nucl-ex",
      SLACcitation   = "%%CITATION = ARXIV:1801.03477;%%"
}

@article{STAR:2018fpo,
      author         = "Adam, J. and others",
      title          = "{Correlation Measurements Between Flow Harmonics in Au+Au
                        Collisions at RHIC}",
      collaboration  = "STAR",
      journal        = "Phys. Lett.",
      volume         = "B783",
      year           = "2018",
      pages          = "459-465",
      doi            = "10.1016/j.physletb.2018.05.076",
      eprint         = "1803.03876",
      archivePrefix  = "arXiv",
      primaryClass   = "nucl-ex",
      SLACcitation   = "%%CITATION = ARXIV:1803.03876;%%"
}

@article{Zhou:2018fxx,
      author         = "Zhou, Mingliang and Jia, Jiangyong",
      title          = "{Centrality fluctuations in heavy-ion collisions}",
      journal        = "Phys. Rev.",
      volume         = "C98",
      year           = "2018",
      number         = "4",
      pages          = "044903",
      doi            = "10.1103/PhysRevC.98.044903",
      eprint         = "1803.01812",
      archivePrefix  = "arXiv",
      primaryClass   = "nucl-th",
      SLACcitation   = "%%CITATION = ARXIV:1803.01812;%%"
}

@misc{wiki:standard_model,
    author = "{Wikipedia contributors}",
    title = "Quantum chromodynamics --- {Wikipedia}{,} The Free Encyclopedia",
    year = "2018",
    url = "https://en.wikipedia.org/w/index.php?title=Quantum_chromodynamics&oldid=871966696",
    note = "[Online; accessed 5-February-2019]"
}
